@article{nickerson1998confirmation,
  title={Confirmation bias: A ubiquitous phenomenon in many guises.},
  author={Nickerson, Raymond S},
  journal={Review of general psychology},
  volume={2},
  number={2},
  pages={175},
  year={1998},
  publisher={Educational Publishing Foundation}
}

@article{campbell1996fitting,
  title={A fitting approach to interactive service design: The importance of emotional needs},
  author={Campbell, Arnold and Pisterman, Susan},
  journal={Design Management Journal (Former Series)},
  volume={7},
  number={4},
  pages={10--14},
  year={1996},
  publisher={Wiley Online Library}
}

@article{lindgaard2006attention,
  title={Attention web designers: You have 50 milliseconds to make a good first impression!},
  author={Lindgaard, Gitte and Fernandes, Gary and Dudek, Cathy and Brown, Judith},
  journal={Behaviour \& information technology},
  volume={25},
  number={2},
  pages={115--126},
  year={2006},
  publisher={Taylor \& Francis}
}

@book{strizver2014type,
  title={Type Rules, Enhanced Edition: The Designer's Guide to Professional Typography},
  author={Strizver, Ilene},
  year={2014},
  publisher={John Wiley \& Sons}
}

@book{baines2005type,
  title={Type and typography},
  author={Baines, Phil and Haslam, Andrew},
  year={2005},
  publisher={Laurence King Publishing}
}

%---------------------------
% Farben
%---------------------------
@article{cyr2010colour,
  title={Colour appeal in website design within and across cultures: A multi-method evaluation},
  author={Cyr, Dianne and Head, Milena and Larios, Hector},
  journal={International journal of human-computer studies},
  volume={68},
  number={1},
  pages={1--21},
  year={2010},
  publisher={Elsevier}
}

@article{rider2010color,
  title={Color psychology and graphic design applications},
  author={Rider, Rose M},
  journal={Senior Honors Papers},
  pages={111},
  year={2010}
}

@article{eysenck1941critical,
  title={A critical and experimental study of colour preferences},
  author={Eysenck, Hans J},
  journal={The American Journal of Psychology},
  volume={54},
  number={3},
  pages={385--394},
  year={1941},
  publisher={JSTOR}
}

@book{berman2010street,
  title={Street-smart advertising: How to win the battle of the buzz},
  author={Berman, Margo},
  year={2010},
  publisher={Rowman \& Littlefield Publishers}
}

@article{crozier1999meanings,
  title={The meanings of colour: Preferences among hues},
  author={Crozier, W Ray},
  journal={Pigment \& Resin Technology},
  volume={28},
  number={1},
  pages={6--14},
  year={1999},
  publisher={MCB UP Ltd}
}

@book{Itten201006,
title={Kunst der Farbe. Studienausgabe: Subjektives Erleben und objektives Erkennen als Wege zur Kunst},
author={Johannes Itten},
publisher={Christophorus Verlag},
year={2010},
month={6},
edition={5},
isbn={9783862301614},
url={http://amazon.de/o/ASIN/3862301613/},
totalpages={96},
timestamp={2016.12.08},
}

@inproceedings{zhang2016makes,
  title={What Makes a Brand Look Expensive?},
  author={Zhang, Jingxian and Kothari, Neel and Butt, Asad Imtiaz and Kumar, Ranjitha},
  booktitle={Proceedings of the 2016 CHI Conference Extended Abstracts on Human Factors in Computing Systems},
  pages={3263--3268},
  year={2016},
  organization={ACM}
}

@online{elizabeth2016simple,
author = {Elizabeth, Laura},
title  = {A Simple Web Developerâ€™s Guide To Color},
date   = {2016-05},
url    = {https://www.smashingmagazine.com/2016/04/web-developer-guide-color/}
}

@inproceedings{joblove1978color,
  title={Color spaces for computer graphics},
  author={Joblove, George H and Greenberg, Donald},
  booktitle={ACM siggraph computer graphics},
  volume={12},
  number={3},
  pages={20--25},
  year={1978},
  organization={ACM}
}
